<?xml version="1.0" encoding="UTF-8"?><record xmlns="http://www.loc.gov/MARC21/slim" xmlns:cinclude="http://apache.org/cocoon/include/1.0" xmlns:zs="http://www.loc.gov/zing/srw/">
  <leader>00527cz  a2200133n  4500</leader>
  <controlfield tag="001">n  83169454 </controlfield>
  <controlfield tag="003">DLC</controlfield>
  <controlfield tag="005">20100225074752.0</controlfield>
  <controlfield tag="008">831017n| acannaabn          |a aaa      </controlfield>
  <datafield tag="010" ind1=" " ind2=" ">
    <subfield code="a">n  83169454 </subfield>
  </datafield>
  <datafield tag="040" ind1=" " ind2=" ">
    <subfield code="a">DLC</subfield>
    <subfield code="b">eng</subfield>
    <subfield code="c">DLC</subfield>
    <subfield code="d">DLC</subfield>
  </datafield>
  <datafield tag="100" ind1="1" ind2=" ">
    <subfield code="a">Bonilla, H. H.</subfield>
    <subfield code="q">(Harold H.).</subfield>
    <subfield code="t">Historia poliĚtica de los Estados Unidos y de sus presidentes.</subfield>
    <subfield code="l">English</subfield>
  </datafield>
  <datafield tag="400" ind1="1" ind2=" ">
    <subfield code="a">Bonilla, H. H.</subfield>
    <subfield code="q">(Harold H.).</subfield>
    <subfield code="t">Political history of the United States and of its presidents</subfield>
  </datafield>
  <datafield tag="670" ind1=" " ind2=" ">
    <subfield code="a">His Political history of the United States and of its presidents, 1983.</subfield>
  </datafield>
</record>